3210 5408
200 419 322 456 naama
336 419 372 454 ΔΙ)
385 420 519 456 GAESAREM
533 417 743 458 uaxtutttnnvn
757 420 978 459 artuuauun'rvtt
992 425 1084 460 Lllllilt.
1209 395 1283 467 215

200 573 307 652 Omnia
326 573 433 653 templa
455 574 555 646 silent,
579 574 676 637 nullus
699 579 776 638 canit
798 578 894 639 abdita
918 587 1012 650 vates,

174 696 187 736 a
284 676 350 755 lpse
372 684 448 737 tacet
469 677 577 758 Libyco
600 681 738 757 corniger
760 679 833 741 orbe
855 681 943 749 deus;
1040 691 1042 698 ⁴

198 778 235 839 Ut
256 779 374 839 tandem
397 780 537 848 inveniat,
561 780 635 839 miro
658 780 806 842 Florentia
828 789 910 843 rnatu

195 877 206 888 '
282 881 346 941 Visa
370 887 412 941 est
435 882 492 941 iarn
514 880 594 942 claro
616 881 678 944 sole
701 882 802 944 tulisse
826 883 918 954 iaces,
946 898 947 903 ’

199 982 292 1061 Atque
314 981 432 1061 aliquis,
456 991 605 1052 metuens,
629 1002 666 1044 ne
688 986 726 1045 sit
747 985 810 1045 sine
832 985 947 1046 uacare
970 987 1110 1057 manduc,

161 1104 185 1145 u
221 1092 224 1096 ’
283 1082 379 1162 Elegit
400 1082 514 1146 Gallum
537 1084 660 1146 Caesaris
681 1103 745 1148 esse
767 1084 843 1147 loco.
1114 1072 1115 1075 ¹

201 1185 323 1246 llaxIma
346 1203 408 1255 res,
432 1203 529 1264 neque
552 1194 594 1257 te,
618 1187 780 1266 Pasquille,
804 1191 927 1266 peritior
949 1189 1037 1250 alter:

282 1287 333 1348 uic
355 1287 487 1358 undem,
512 1295 590 1349 vates
612 1291 737 1368 optimc,
760 1289 857 1351 Caesar
879 1291 929 1352 ubi
952 1294 1013 1352 esti

136 1470 194 1539 18⁶,
522 1474 758 1538 rnsquunvs.

198 1592 279 1654 Pone
300 1600 426 1662 metum,
449 1593 595 1661 Romane,
617 1601 670 1654 tuo
693 1595 729 1655 de
752 1593 880 1655 Caesare:
895 1597 984 1666 nint,

208 1702 211 1705 ’
252 1752 256 1759 ,
283 1693 344 1756 Ulia
366 1693 440 1755 fides
463 1714 498 1756 ex
520 1715 568 1756 rue
584 1697 614 1756 si
636 1695 701 1765 tibi,
725 1697 793 1757 virit
814 1697 919 1758 adhuc.

199 1796 246 1858 Vis
268 1795 343 1857 ultra
366 1815 488 1875 sperare
510 1797 640 1876 aliquid?
663 1800 749 1883 venit.
773 1799 829 1859 hoc
852 1816 906 1876 ego
929 1806 1022 1870 vates,

173 1921 185 1961 c
284 1899 348 1970 Quo
369 1900 462 1959 ratius
484 1897 613 1977 loquitur
637 1898 775 1977 Delphica
797 1901 872 1960 lama
895 1900 981 1970 nillil:

199 1998 351 2079 Pugnaces
372 1998 505 2061 revolant
526 2000 654 2079 aquilam
677 2002 733 2062 ridi
755 2003 818 2080 ipse
839 2001 985 2072 volantes,

282 2102 318 2162 Et
339 2109 400 2163 tota
422 2101 580 2164 horribiles
594 2113 742 2184 ‘spargere
765 2103 802 2163 ab
825 2102 897 2182 Alpe
920 2106 1021 2168 minas.

199 2204 273 2274 Quid
289 2206 419 2281 gemitis,
443 2204 558 2274 Veneti,
582 2204 718 2266 tandem?
741 2205 826 2283 quid,
849 2205 945 2276 Galle,
969 2208 1131 2269 tremiscisi

281 2305 349 2366 llaec
372 2322 426 2382 ego
448 2325 507 2366 non
531 2306 590 2367 diri
611 2323 689 2386 saepe
711 2308 808 2367 lutura
829 2309 931 2386 prius?

134 2492 180 2551 19.
317 2493 367 2542 DE
386 2491 540 2554 QVODAM
559 2493 597 2542 IN
615 2491 742 2542 lunula
759 2451 962 2546 GONVENTV.
1058 2538 1062 2545 .

199 2609 301 2672 Omnia
325 2613 502 2681 miscentur,
526 2611 711 2672 conludimus
733 2613 830 2675 iolirna
853 2615 988 2684 summis,

282 2712 411 2773 Partitur
432 2714 564 2792 quisquis
586 2731 645 2773 nou
668 2731 719 2773 sua
744 2701 835 2790 regna
858 2722 947 2775 tenet.
994 2701 1019 2735 ¹*

197 2797 383 2876 abstrahitur
407 2803 518 2875 Latium
540 2813 655 2876 secluso
677 2832 693 2874 a
716 2814 844 2884 cesare,
867 2815 956 2877 donat

172 2939 183 2979 c
283 2916 345 2976 Hoc
368 2914 473 2995 aliquis
496 2916 626 2986 Venetis,
650 2916 707 2978 hoc
728 2916 794 2985 tibi,
819 2916 915 2985 Galle,
939 2917 1052 2997 aliquis.
1263 2953 1272 3000 t

145 3092 154 3109 N
198 3017 368 3097 Oppositum
390 3001 497 3079 nrolem
520 3019 699 3097 iniectaeque
721 3025 753 3078 ut
775 3025 904 3080 transeat
924 3018 1038 3100 Alpeis,

282 3119 341 3181 llas
362 3118 474 3197 Aquilae
495 3136 608 3198 pennas
630 3122 696 3198 quis
717 3121 786 3180 satis
808 3137 873 3181 esse
895 3123 996 3200 putet?

80 3291 198 3302 ..---

80 3407 186 3458 qnoque
204 3391 329 3457 repulsus
348 3391 418 3442 dixit
435 3406 465 3441 ne
482 3395 549 3442 vota
566 3392 723 3457 suscepisse
743 3406 803 3456 quae
821 3392 880 3441 Iovi
898 3393 1022 3443 Ammoni
1039 3393 1168 3459 solveret,
1189 3395 1284 3447 existi·

96 3493 126 3527 ae
150 3477 231 3527 Afros
253 3476 367 3527 facilins
390 3481 564 3541 corrupturon
583 3479 631 3525 ...”
670 3476 712 3526 cf.
732 3477 806 3526 infra
824 3476 964 3543 Triumph.
984 3478 1098 3530 Reuchl.
1112 3496 1138 3531 v.
1150 3481 1209 3532 224.
1223 3496 1281 3546 aqq.

80 3563 148 3613 lonae
171 3562 200 3610 in
223 3561 389 3626 Thesprotia
413 3576 529 3627 quercus
551 3560 630 3612 silvae
653 3561 726 3612 Iovis
749 3576 837 3612 sacrm
860 3577 993 3628 respousa
1016 3564 1133 3627 dabant,
1158 3565 1282 3616 fatidicae

80 3684 85 3697 .
106 3646 143 3697 cl.
158 3662 181 3696 e.
195 3662 235 3712 gr.
250 3645 394 3696 Claudiam
408 3647 437 3696 in
454 3646 708 3697 nuenarianae.
723 3662 767 3698 vv.
783 3646 839 3699 117.
852 3662 891 3712 sq.
906 3684 922 3710 ‚‚
932 3682 950 3698 ..
967 3664 1114 3715 rursusque
1132 3649 1231 3700 locutae
1250 3651 1283 3701 In

80 3730 167 3780 aoniae
186 3736 329 3781 moverunt
346 3731 468 3780 carmina
486 3734 628 3796 quercus''.
680 3731 812 3797 ⁸Lybico
824 3734 884 3781 edd.
903 3733 1008 3799 Iupiter
1019 3734 1141 3784 Ammon.
1193 3734 1283 3785 ⁰Hoc

80 3816 150 3866 aonia
167 3815 200 3867 X.
218 3815 281 3866 novi
304 3811 442 3880 pontificis
461 3814 521 3865 cum
539 3815 680 3867 Ludovico
699 3817 760 3867 XII.
780 3832 833 3867 non
851 3815 932 3883 longa
952 3823 1013 3883 post
1031 3819 1160 3869 defuncto
1179 3821 1283 3886 pactio·

93 3901 223 3951 tractatis
240 3899 297 3950 dici
315 3899 432 3950 videtur.
463 3899 500 3950 cf.
519 3897 549 3953 lt
567 3898 629 3953 Ἐπεί
639 3902 675 3951 11.
689 3902 713 3951 2.
728 3903 751 3962 ἃ.
767 3901 840 3953 1145.
854 3899 890 3954 Θ
906 3900 978 3952 1016.
993 3901 1010 3966 l.
1064 3900 1084 3934 ¹⁴
1103 3902 1218 3953 Scilicet
1236 3920 1281 3954 ex-

98 4001 123 4036 a.
138 3984 211 4036 tola.
225 3984 294 4038 nihil
312 3983 438 4035 initalia
456 4000 503 4035 rex
517 3984 656 4036 Gallorum
675 4002 755 4052 quam
769 3986 941 4039 Ganuensem
959 3985 1095 4039 laternam
1114 3986 1280 4049 obtinuerat,

80 4090 83 4118 ι
107 4085 133 4120 a.
149 4068 222 4120 1514.
242 4068 370 4120 Italicam
394 4070 594 4136 expeditionem
617 4070 741 4136 anglicae
768 4071 982 4136 Hispaniamque
1012 4069 1281 4122 difficultateseum

80 4171 91 4205 e
110 4146 248 4205 sinebant.
285 4152 415 4204 Germani
439 4160 529 4204 autem
552 4158 614 4220 post
631 4154 744 4204 Liviani
766 4156 795 4204 in
813 4155 983 4220 provinciam
1000 4154 1218 4205 Foroiuliensem
1240 4157 1281 4205 in-

80 4254 135 4289 mas
153 4239 182 4289 in
199 4237 313 4290 Italiam
330 4239 434 4289 reversi
452 4245 524 4290 aunt.
1116 4283 1127 4303 x

80 4323 118 4374 8⁵.
149 4322 179 4356 Μ
195 4323 297 4375 Verona
309 4324 333 4374 5.
349 4328 378 4374 et
389 4323 413 4374 G.
427 4338 481 4374 non
499 4323 584 4375 habet
600 4327 683 4389 prima
700 4325 741 4374 ed.
799 4321 809 4354 ὓ
827 4320 943 4388 Aquilae]
962 4321 1130 4387 imperiales.
1154 4320 1156 4325 ’
1180 4321 1192 4354 ⁷
1209 4323 1282 4386 Quid

80 4410 156 4460 neti?
174 4408 246 4471 Quid
265 4408 301 4460 ad
319 4408 370 4474 hqc
388 4408 459 4459 leuia
472 4409 556 4460 Adria
569 4407 680 4475 'palleat
698 4410 739 4458 ed.
751 4411 825 4473 prim

80 4493 104 4544 G·
136 4491 145 4526 ¹
164 4494 233 4547 Haec
252 4495 318 4544 item
336 4494 483 4544 referenda
501 4495 628 4545 videntur
647 4493 679 4544 ad
699 4494 777 4558 pacis
800 4493 872 4542 inter
891 4490 1029 4542 Caesarem
1046 4490 1221 4557 Venetosque
1240 4509 1282 4544 ar·

99 4579 206 4630 Leonis
226 4579 259 4631 X.
280 4579 475 4630 contrahendae
494 4579 677 4629 condiciones.
746 4576 757 4610 ⁸
779 4575 886 4642 Aquilae
909 4574 1025 4642 pennas]
1053 4576 1072 4625 i.
1085 4593 1109 4627 e.
1128 4577 1281 4643 particulae

92 4663 203 4714 Italica
226 4662 332 4716 Catari
354 4663 466 4726 debitae,
492 4679 539 4713 eas
558 4678 617 4728 quac
637 4664 766 4714 Germani
784 4662 957 4727 Hispanique
980 4662 1009 4711 in
1030 4662 1168 4713 Patavina
1185 4662 1281 4714 Tarvi-

80 4763 110 4799 ne
130 4747 205 4814 agria
224 4749 376 4814 cepissent,
400 4762 461 4798 curn
484 4747 550 4798 urbe
569 4748 746 4800 Cremonensi
770 4748 894 4817 pignoris
911 4761 998 4799 cauea
1015 4745 1121 4798 Caesari
1138 4746 1280 4799 tradenda.
