3240 5416
207 406 309 442 steort
323 407 354 441 11.
369 405 487 441 rnornvs
501 405 603 441 nosen.
638 405 741 440 subula
755 405 799 440 111.
811 403 848 439 ΔΙ)
861 404 966 440 WOLFG.
982 405 1016 439 nit
1029 403 1201 471 Bnbnsrssrn.
1298 374 1345 444 25

264 562 383 623 Summa
405 568 502 622 tamen
525 568 658 640 pateant:
681 562 719 622 ita
742 561 815 630 vixi,
838 565 871 620 ut
892 561 988 621 vivere
1011 541 1134 630 nollem,

213 686 238 724 sa
347 663 382 723 Et
405 663 497 723 nisum
521 671 564 723 est
585 663 674 723 tantis
696 662 753 726 lroo
775 679 931 741 superesse
953 661 1051 730 malis;

264 764 384 828 Morbus
407 764 502 825 adbuc
524 782 640 826 mecum
663 771 757 826 estet
779 783 811 825 ea
836 761 989 825 valitudine
1012 762 1140 842 plector,

348 868 419 939 Quae
437 875 512 929 tunc
534 875 579 928 est
600 868 697 928 nimiis
720 868 833 928 concita
855 866 1023 944 frigoribus.

265 970 316 1031 Vix
339 968 450 1053 aliquid
471 968 586 1057 scribo,
610 969 660 1031 sed
685 987 750 1047 quae
771 984 851 1030 nunc
873 967 1004 1030 scribere
1026 986 1132 1058 cogor,

214 1094 238 1135 so
346 1071 398 1132 Vix
421 1078 490 1132 sunt
510 1073 541 1132 in
562 1081 641 1133 nuta
664 1071 780 1141 condita
802 1072 937 1140 tristicia,

266 1177 358 1254 Atque
381 1182 433 1249 ea,'
455 1172 595 1235 sollicitos
616 1175 691 1234 inter
714 1173 837 1234 conficta
859 1173 992 1242 dolores,

350 1275 452 1337 Omnia
476 1295 543 1337 cum
564 1275 713 1336 lachrimis
734 1283 802 1336 sunt
824 1276 928 1353 agitata
952 1276 1027 1342 suis;

266 1379 398 1457 Dumque
421 1396 503 1439 meus
524 1396 627 1452 somno
650 1376 704 1439 sub
728 1395 835 1438 nonam
858 1377 977 1438 Loesius
998 1376 1101 1439 horam

206 1498 240 1543 'oo
348 1478 473 1542 Solvitur
496 1488 525 1542 et
546 1478 676 1558 placidos
698 1480 806 1558 gaudet
827 1479 908 1541 abire
931 1479 1006 1548 dies
1059 1476 1062 1481 ’

265 1585 322 1643 but
343 1582 415 1643 mihi
438 1601 492 1661 per
514 1581 628 1643 laceros
650 1581 765 1660 vigilata
787 1590 873 1643 nocte
896 1581 1012 1644 labores

350 1684 506 1763 Rumpitur
528 1692 578 1745 aut
599 1684 696 1745 studio
719 1703 784 1764 quse
806 1682 881 1745 solet
902 1702 966 1744 esse
989 1686 1080 1762 quies,

266 1787 357 1848 lactet
378 1803 450 1864 opes
472 1787 560 1864 igitur
582 1785 766 1864 faustumque
789 1803 824 1846 ex
847 1791 981 1864 tempore
1004 1788 1103 1857 vitam

216 1910 241 1951 st
349 1888 543 1967 luxuriaeque
565 1906 626 1950 suae
649 1890 760 1949 neseiat
782 1886 830 1948 ille
851 1887 987 1957 rnodum;

268 1991 370 2052 Rideat
392 2009 544 2052 enurnmes
566 2008 804 2069 aerumnosasque
827 1990 1000 2051 Camuenas

350 2093 387 2153 Et
408 2093 489 2154 malit
510 2093 622 2172 tepidas
644 2094 741 2153 vivere
759 2082 896 2153 'deliciasz

267 2195 326 2255 Nos
349 2193 483 2257 celebres
505 2197 593 2256 artcis
615 2193 739 2273 pulchro
762 2196 917 2271 iungemus
939 2193 1075 2265 honeste,

217 2320 241 2360 oo
347 2298 433 2358 Peste
456 2299 541 2372 etiarn
565 2296 672 2358 multos
694 2279 983 2367 continuantedies:

227 2435 230 2440 -
268 2400 373 2460 Vicerit
395 2401 512 2461 insanos
536 2406 672 2460 constans
695 2399 840 2460 Patientia
862 2399 998 2468 morbos,

351 2501 492 2583 Vincetur
512 2502 607 2563 studio
629 2502 759 2579 pertidus
781 2499 829 2562 ille
842 2519 926 2565 tneo.

267 2603 327 2666 Nec
349 2601 430 2664 dolet
451 2604 486 2664 iis
509 2605 597 2673 vinci,
622 2604 673 2665 sed
695 2611 766 2664 tunc
788 2603 912 2665 fortasse
935 2602 1059 2673 dolebit,

217 2727 241 2767 m
350 2697 477 2776 Quando
495 2707 568 2768 sciet
589 2705 664 2767 male
687 2725 719 2766 se
741 2705 922 2767 consuluisse
944 2704 1017 2766 sibi:
1047 2742 1049 2747 ι

267 2809 331 2888 lpsa
355 2827 459 2887 graves
481 2811 587 2870 etenim
612 2809 709 2868 Virtus
732 2806 863 2885 neglecta
886 2806 1004 2887 dolores

351 2912 471 2989 liggerit
493 2917 522 2972 et
543 2913 631 2971 tacito
655 2910 771 2971 turbine
792 2918 896 2988 pectus
918 2911 985 2987 agit.

240 3053 241 3056 ,
268 3012 335 3072 llaec
353 2993 469 3073 ⁴utinam
493 3013 621 3081 veniant,
646 3031 700 3072 neo
723 3031 770 3072 me
792 3010 924 3090 spoliarit
945 3012 1054 3074 inultus

216 3133 240 3173 rs
350 3115 407 3186 Qut
429 3133 507 3176 nnnc
529 3114 565 3175 dc
587 3121 688 3175 nostro
711 3114 819 3191 gaudet
841 3121 966 3192 oratque
987 3114 1074 3176 malo.

523 3260 526 3267 ’
579 3291 733 3376 {noenta
761 3303 849 3377 run,

450 3443 491 3484 ao
506 3442 702 3484 resonarunt
718 3438 967 3491 anouasounrun

419 3532 681 3593 WOLFGANGVM
705 3533 754 3582 DE
784 3531 1001 3583 EBERSTEYN

428 3638 619 3702 navensem
636 3639 777 3681 ocurrunt
792 3638 991 3680 consensum.

268 3756 360 3816 Parve
382 3754 501 3824 Comes,
525 3773 584 3816 non
607 3773 696 3834 parve
719 3761 834 3826 mmcn,
859 3757 926 3832 quia
950 3755 1054 3815 tradita
1077 3756 1168 3815 virtus

353 3858 435 3936 Sorte
458 3856 512 3918 luit
533 3859 631 3935 parvis
654 3859 779 3918 maxima
802 3855 992 3935 corporibus;

56 3994 58 3999 ,
81 3986 267 4004 Q.—

133 4079 154 4111 ⁵³
172 4079 407 4138 valetudine2.3.
459 4077 480 4110 ⁵⁶
499 4079 686 4130 trionum.
739 4078 761 4113 ⁵⁸
779 4076 982 4142 lacrymum.
1035 4076 1058 4110 ⁰⁰
1075 4077 1184 4140 plantus
1197 4080 1221 4126 1.
1274 4075 1294 4107 ⁶¹
1314 4075 1353 4126 lo·

75 4160 405 4232 bores]eicbobent1.2.3.
441 4163 785 4230 doloresoeqnoltoliutteno
797 4180 884 4215 mantra
896 4163 1036 4226 adscripsit
1047 4164 1164 4225 exempto
1176 4176 1238 4211 meo.
1274 4158 1354 4224 ‘'nnt

74 4253 92 4298 t.
141 4250 164 4282 ⁶⁸
184 4263 248 4313 nne
265 4253 288 4298 t.
311 4251 360 4299 sed
380 4250 435 4314 inae
453 4249 582 4300 Hottenoa
605 4253 722 4314 exemplo
741 4250 824 4298 hond.
844 4255 869 4298 et
892 4254 940 4296 oet.
959 4262 1045 4296 macana
1068 4249 1184 4309 exemplo
1206 4261 1260 4296 meo
1284 4261 1353 4296 corr.

71 4331 89 4364 ‘⁵
105 4332 254 4400 enummoe]
274 4350 409 4385 oerumnos
427 4336 533 4386 cornert.
547 4338 571 4384 2.
584 4339 656 4385 mole.
709 4334 730 4365 ⁶⁸
748 4333 887 4398 patientis
905 4336 929 4382 2.
938 4335 964 4382 3.
1017 4329 1037 4362 ⁷¹
1057 4331 1092 4380 iis
1109 4333 1238 4394 nwnosytt.
1286 4331 1354 4383 uniti

72 4424 90 4468 t.
119 4418 196 4470 unici
214 4424 239 4469 2.
248 4422 274 4470 3.
295 4419 384 4482 (ΛΜ
396 4437 444 4470 nur
460 4425 493 4470 tot
509 4420 596 4484 fremet
613 4421 660 4470 dos
672 4416 842 4469 Bedonern”.
857 4414 886 4482 [l]
899 4414 1040 4478 Motene.)
1059 4415 1093 4464 In
1105 4432 1147 4466 ecc.
1160 4430 1215 4466 mco
1226 4421 1275 4465 net.
1288 4431 1352 4465 mon.

70 4505 146 4556 vinci.
193 4503 224 4537 <¹⁸
240 4507 330 4559 rtrulttt
344 4508 391 4556 1.·
419 4504 504 4571 πέει
522 4509 565 4556 1.’
1308 4498 1315 4513 '

128 4591 239 4654 'tmlutt'r
256 4593 280 4640 1.
310 4593 353 4641 De
380 4597 462 4657 gente
486 4591 614 4641 comitum
638 4588 909 4646 Ebersteinienorum
931 4585 1091 4637 Mohnikius
1115 4586 1202 4636 refert
1225 4586 1354 4637 Ottonem

71 4673 151 4725 filium
179 4677 389 4726 Brunevicensie
420 4677 529 4726 comitio
555 4654 691 4725 Dieterici
714 4672 753 4724 do
771 4673 918 4723 Eberatein
949 4688 965 4722 a
994 4673 1063 4723 duee
1087 4671 1201 4722 Albcrto
1224 4671 1353 4722 Brunevi-

72 4762 145 4811 censi
176 4776 203 4811 a.
231 4759 303 4811 less.
323 4761 389 4811 caesi
420 4761 525 4824 (Krane
549 4760 676 4810 Saxoniae
699 4761 775 4810 Vlll.
794 4758 854 4822 al.)
886 4758 920 4809 ab
951 4759 1081 4824 episcopo
1105 4757 1264 4808 Caminenei
1286 4757 1355 4807 Her·
