3166 5416
259 379 332 449 442
356 408 528 444 maturatam!
542 407 644 442 ursum
658 406 820 442 TRIVUPHVS
834 406 971 442 nocroms
984 407 1126 443 nuncnunc
1141 408 1385 445 &incestatorem
1397 410 1525 446 succinos.

461 565 536 623 llera
559 561 702 642 Phrygis,
725 560 854 640 dantque
876 563 1025 640 ingentem
1048 569 1190 642 percussa
1213 563 1334 625 boatum

461 663 594 740 Tergora
617 669 700 724 tensa
722 661 828 733 boum;
851 663 998 724 feriuntur
1020 663 1124 744 sydera
1147 672 1253 735 cantu,

461 765 617 846 Accipiunt
638 772 753 826 montes
774 772 956 845 acceptaque
979 767 1109 827 carmina
1131 766 1276 837 reddunt,
1348 767 1523 856 lffi‘fflffl·

381 888 447 953 ¹seo
462 869 612 930 perorasse
635 867 761 929 reboant
782 866 889 936 valles,
912 866 1059 949 sylvaeque
1081 870 1209 929 vicissim

462 970 604 1032 Exaudite
627 976 753 1039 canunt;
777 970 923 1031 mirantur
945 972 1064 1031 0000100
1087 971 1166 1031 ruris

460 1072 613 1151 Faunique
635 1072 823 1152 Dryadesque
846 1079 876 1132 et
896 1089 963 1150 quae
984 1089 1037 1133 sua
1059 1072 1181 1133 flumina
1203 1083 1337 1144 serrant,

461 1174 592 1254 Quaeque
613 1174 676 1235 deae
698 1175 796 1234 iontes
818 1180 848 1235 et
869 1173 961 1235 llorea
984 1181 1068 1254 prata
1090 1192 1257 1254 nemusque

460 1275 498 1336 lit
520 1275 627 1337 virides
649 1283 755 1338 curant
776 1274 886 1345 saltus,
910 1275 1060 1354 Capniona
1082 1278 1235 1337 canenteis

407 1399 446 1441 000
460 1378 624 1440 Observant
646 1396 786 1439 numeros
808 1385 1005 1458 repetuntque
1027 1397 1061 1439 ea
1084 1377 1189 1456 gaudia
1213 1397 1323 1440 secum.

460 1481 576 1542 Interea
599 1480 666 1541 lecti
689 1482 808 1541 iuvenes
831 1482 974 1560 puerique
997 1483 1079 1541 suavi

461 1584 612 1644 Concentu
636 1581 765 1644 mulcent
786 1599 874 1643 aures
897 1589 926 1643 et
948 1580 1060 1660 grande
1082 1591 1183 1645 coacta

461 1685 618 1745 Harmonia
642 1683 832 1744 modulantur
854 1701 940 1762 epos,
964 1685 1169 1764 concinnaque
1192 1687 1290 1746 mixtis

459 1786 578 1847 Addunt
600 1785 689 1848 verba
712 1785 808 1846 modis
829 1785 989 1865 Capnionis
1010 1784 1148 1847 habentia
1171 1786 1281 1849 laudes.

407 1909 446 1951 eoo
524 1889 577 1950 llic
594 1888 651 1959 vir,
668 1888 716 1949 hic
732 1894 791 1957 est,
811 1890 899 1958 cives,
915 1906 1004 1967 quem
1020 1905 1071 1948 vos
1085 1890 1174 1966 paulo
1189 1897 1257 1951 ante
1272 1892 1392 1970 petitum
1426 1885 1519 1977 mit

460 1990 538 2051 Mille
561 1990 650 2061 dolis,
673 1990 752 2051 mille
773 1990 886 2051 insidiis
908 1999 996 2069 atque
1018 1997 1081 2051 arte
1103 1991 1245 2071 maligna,
1427 1976 1495 2007 ”m

460 2093 608 2154 Promissa
631 2092 762 2153 doluistis
785 2110 857 2172 ope,
880 2091 944 2152 haec
966 2091 1141 2154 venerabilis
1162 2093 1212 2155 illa
1233 2102 1278 2154 est

460 2194 592 2256 Canicies
613 2195 706 2256 sancti
729 2195 846 2274 capitis,
869 2195 918 2255 cui
940 2192 1028 2255 debet
1049 2194 1194 2256 honorem

460 2296 497 2357 Et
519 2299 566 2359 cui
588 2315 706 2375 semper
728 2295 817 2357 habet
839 2295 934 2375 pionis
954 2297 1112 2358 Germania
1135 2299 1224 2369 votis,

408 2418 446 2461 000
459 2400 573 2461 Virtute
595 2398 738 2460 illustrata
761 2397 829 2466 riri:
852 2397 901 2458 hic
924 2406 970 2460 est
991 2397 1039 2460 ille
1061 2398 1193 2461 lerorum
1434 2393 1516 2482 m,

459 2501 627 2580 lntrepidns
649 2501 777 2562 domitor
799 2507 1002 2562 monstrorum
1024 2502 1190 2578 invictaque
1213 2503 1334 2572 mastix,

459 2603 515 2673 Qui
538 2610 649 2666 temere
672 2604 792 2664 Fratres
814 2620 901 2665 ausos
923 2610 1095 2681 temereque
1118 2602 1288 2682 sophistas,

459 2706 568 2768 Laudis
590 2724 664 2787 opus
687 2704 808 2785 plenum
832 2713 861 2766 et
882 2704 1107 2766 memorandum
1129 2706 1161 2765 in
1183 2705 1283 2767 secula
1306 2706 1408 2766 lactum

459 2808 611 2878 Contudit,
635 2816 664 2870 et
685 2807 776 2869 multa
798 2807 931 2887 trepidos
952 2807 1110 2868 tormidine
1133 2813 1270 2869 sternens

408 2926 449 2968 000
465 2909 604 2970 intactam
627 2911 754 2972 asseruit
776 2908 812 2969 ab
836 2911 936 2986 iniquo
959 2909 1057 2970 iudice
1080 2910 1203 2979 lamam;

459 3010 514 3081 Qui
537 3011 691 3074 debellatis
713 3010 831 3073 infanda
853 3010 1025 3090 parantibus
1047 3013 1129 3072 omni

346 3148 352 3158 ·
459 3113 546 3174 Exuit
568 3113 732 3193 opprobrio
754 3131 835 3183 sese,
860 3106 1059 3191 cnrentitaqne
1079 3112 1165 3192 liquit

458 3217 528 3277 Post
549 3223 666 3294 tergum
687 3215 817 3286 scelera,
841 3222 930 3293 atque
953 3233 970 3275 0
991 3216 1161 3295 suspicione
1183 3217 1336 3283 remersit,

394 3317 400 3325 ’
458 3320 553 3390 Quam
575 3318 644 3378 iacti
666 3324 790 3379 tenuere
813 3317 919 3385 rudcs;
943 3316 1006 3378 haec
1028 3316 1138 3395 gloria,
1162 3318 1257 3388 cives,

356 3425 360 3435 '
406 3418 810 3488 00οΗ0011101ον1010001,
834 3418 993 3480 multorum
1017 3421 1144 3481 exercita
1168 3420 1234 3480 nisu

458 3521 552 3600 Atque
574 3539 634 3582 uno
660 3521 780 3583 deiensa
803 3523 917 3591 animo;
941 3521 997 3582 diis
1018 3522 1111 3599 gratia
1134 3539 1286 3600 nunquam

459 3622 523 3683 Non
546 3623 658 3685 scelera
680 3622 782 3684 ulcisci
804 3625 968 3703 vetitosque
991 3622 1157 3684 volentibus
1178 3641 1277 3683 ausus.

522 3723 605 3785 llicat
626 3725 674 3796 lo,
697 3728 722 3786 si
744 3743 776 3786 se
798 3727 878 3786 novit
900 3727 1074 3795 Germania,
1097 3724 1193 3794 dicat,

458 3824 550 3905 inque
572 3827 737 3907 inculpatos
758 3827 869 3889 reicrat
892 3827 1053 3889 clarissima
1075 3826 1166 3886 iastos

410 3948 449 3989 000
464 3930 551 3990 Facta
574 3931 644 3999 viri,
667 3931 852 4009 memorique
873 3931 989 3990 omneis
1011 3934 1135 3990 aeternet
1157 3928 1186 3987 in
1211 3945 1305 3987 anuos

457 4032 583 4093 Decreto
604 4029 772 4109 titulisque,
797 4039 826 4092 01
848 4049 923 4110 quos
945 4031 1079 4092 decernit
1101 4029 1231 4089 honores

457 4133 566 4194 Victori
588 4132 766 4212 populorum
790 4139 819 4195 ct
841 4134 891 4211 qui
913 4151 946 4194 se
968 4133 998 4191 in
1020 4133 1163 4208 sangnine
1186 4132 1290 4191 mersit

456 4233 578 4307 Hostili,
602 4236 712 4315 quique
735 4252 887 4295 armorum
909 4233 1074 4313 praecelluit
1095 4251 1168 4302 usu,

321 4421 573 4472 Β’1010000111
638 4420 672 4454 ⁸⁸⁰
689 4421 822 4486 silvaeque
841 4424 865 4471 ⁷.
923 4418 957 4453 ⁸⁸²
974 4420 1119 4485 Faunique
1137 4418 1318 4484 Dryopesque
1336 4415 1510 4474 equoque,

253 4507 398 4571 Epirotas,
418 4521 472 4555 non
489 4506 609 4558 voluisse
628 4510 778 4568 auctorem,
797 4504 846 4557 sed
863 4504 999 4570 Dryades,
1019 4505 1088 4555 satis
1107 4510 1233 4570 apertum
1252 4507 1304 4566 est,
1323 4499 1438 4568 quamvis
1452 4502 1512 4543 neno

253 4591 342 4642 edhnc
360 4592 469 4641 dixerit.
522 4589 556 4623 θ’*
572 4583 684 4657 μάστιξ,
704 4589 852 4656 flagellum.
870 4589 1126 4655 Ccpniomostigum
1144 4604 1244 4639 nomen
1262 4592 1320 4638 tum
1338 4582 1457 4654 populere
1468 4575 1513 4627 flii

252 4674 287 4708 ⁹⁰⁰
305 4677 340 4725 ab
354 4676 533 4726 llochstrato.
578 4674 772 4742 ⁹⁰’opprobrio
789 4677 848 4727 edd.
858 4682 960 4741 praeter
971 4679 997 4726 5.
1043 4673 1195 4743 1030]017.
1245 4672 1403 4740 suspicione
1443 4660 1514 4710 '⁸⁸50‘

254 4759 442 4812 10000117.
496 4757 531 4793 ⁰¹⁰
549 4775 643 4812 omnes
663 4764 754 4812 (tm.
