3164 5422
249 381 323 452 258
448 408 571 446 mum
585 409 621 444 ΑΒ
633 403 768 445 casam
780 406 993 443 ΙΔΧΙΙΙΙᾸΔΙΠΙ
1005 405 1229 441 ΒΡΙΟΒΔΙΙΔΊὟΙ
1243 404 1338 439 ΜΒΙΒ.

450 564 551 643 Regna
567 573 671 644 petuot
686 564 797 633 Veneti,
814 563 865 624 sed
881 581 940 623 non
957 581 1024 622 sua:
1041 579 1129 640 quam
1145 563 1183 621 sit
1199 557 1433 624 bonestomboc.

425 687 438 727 c
538 668 621 729 Haud
645 686 743 746 operm
765 666 896 744 precium
920 665 1091 744 perspicere
1113 681 1178 725 esse
1201 669 1325 741 putant:
1426 722 1427 725 ,

452 770 490 832 Ut
512 772 640 849 rapiant,
664 770 752 830 sociis
774 774 890 828 armant
911 784 943 829 se
965 769 995 826 iu
1018 763 1117 845 praelia
1140 762 1248 833 Gallis,

535 871 655 950 lamque
677 871 752 932 adeo
773 876 889 930 tentant
911 870 1032 931 easars
1054 885 1135 929 arma
1158 865 1267 944 palam.
1341 903 1344 908 -

450 973 614 1051 lunguntur
636 971 727 1034 Gallis
749 971 868 1033 Veneti:
892 989 946 1031 nos
969 989 1054 1031 causa
1078 975 1195 1038 tuetur,

426 1095 439 1134 e
537 1075 623 1148 Oua,
647 1076 785 1154 quoniam
807 1074 881 1133 iusta
905 1081 962 1139 est,
986 1089 1069 1150 spem
1092 1069 1172 1132 iubet
1195 1087 1261 1130 esse
1284 1076 1385 1133 ratam.

451 1176 568 1238 Ultores
590 1184 707 1255 sperate
730 1176 817 1245 deos,
841 1176 947 1236 iniuria
971 1172 1041 1234 belli

537 1277 616 1350 Quos
638 1280 762 1358 premit;
786 1279 898 1338 interea
922 1277 1063 1355 corripite
1085 1291 1165 1335 arma
1190 1281 1306 1335 tameo:

451 1380 576 1458 lgnaros
598 1381 687 1441 odere
710 1380 772 1447 dei,
795 1377 981 1458 vigilantibus
1003 1378 1123 1439 adsunt:

414 1503 439 1544 aa
538 1481 570 1542 ln
594 1485 763 1543 coniuratos
785 1482 926 1560 corripite
949 1498 1045 1548 arma,
1068 1479 1136 1540 viri!

367 1662 431 1724 128·
573 1670 623 1718 DE
643 1668 764 1718 BELL'O
784 1667 930 1718 VENETO
949 1667 998 1716 AD
1018 1665 1208 1716 CAESAREM.

453 1786 566 1848 bellurn
590 1788 693 1866 ingens
716 1787 825 1847 oritur:
849 1786 924 1866 prob
947 1785 1084 1846 numina!
1107 1784 1228 1844 materia
1244 1790 1311 1862 apta
1329 1791 1372 1841 est

432 1924 440 1946 .
537 1888 630 1960 Quam
653 1888 709 1951 sibi
732 1889 866 1951 desumat
880 1887 1039 1968 quodlibet
1060 1886 1226 1963 ingenium:

454 1990 573 2068 Magnas
595 1993 673 2070 cogit
695 2009 767 2069 opes
788 2009 895 2069 magno
918 1989 1067 2050 molimine
1089 1986 1206 2057 Gallus,

428 2114 441 2154 r
539 2094 601 2155 Nec
625 2093 742 2154 Venetis
763 2101 878 2171 sumpta
902 2101 945 2152 est
966 2093 1064 2152 acrior
1086 2092 1129 2151 ira
1152 2092 1251 2169 prius-3

454 2193 645 2274 Tranquillus
665 2197 784 2272 petitur·
800 2195 911 2261 Caesar,
935 2196 1067 2273 tantique
1090 2200 1211 2270 paratus

539 2297 628 2357 Unica
652 2294 834 2359 Germanum
856 2315 943 2357 causa
966 2288 998 2355 'ot
1019 2295 1187 2372 imperium.

455 2400 513 2478 Spe
536 2416 640 2476 magua
663 2417 768 2477 gerere
788 2417 871 2459 arma
894 2399 994 2459 datur:
1012 2400 1121 2458 ‘iauate
1136 2395 1246 2464 obiice,
1271 2396 1382 2462 Gaasam

429 2524 441 2560 a
540 2501 603 2561 llac
625 2509 653 2561 te
675 2503 809 2561 cunctari
831 2519 880 2562 res
901 2499 968 2560 tulit
988 2500 1042 2560 ista
1066 2505 1166 2567 tenus,

454 2601 535 2663 Ultra
558 2603 653 2663 omnis
676 2602 815 2663 damnosa
838 2621 921 2662 mora
945 2608 1003 2670 est,
1027 2618 1134 2678 magna
1156 2599 1249 2660 bostis
1272 2599 1383 2668 aditur,

539 2704 597 2765 Sed
620 2698 748 2783 quaese
764 2706 840 2765 rioci
862 2704 1005 2790 sustinet,
1023 2704 1082 2772 ira,
1105 2711 1219 2764 tameo:

455 2804 588 2876 Quorum
610 2813 770 2884 utrumque
792 2807 882 2866 armis
904 2806 1108 2884 superavimus
1130 2811 1197 2866 autc
1219 2820 1369 2869 seorsum,

420 2927 441 2969 u
542 2908 613 2980 Quis
636 2907 775 2987 probibet
792 2910 911 2969 ⁴iunctos
934 2925 1098 2986 exuperare
1121 2906 1214 2967 duos?

371 3089 442 3149 129:
490 3095 611 3156 stnu
631 3096 688 3144 srr
708 3095 871 3145 uosr1vu
890 3095 1031 3144 stersus,
1050 3095 1099 3144 an
1119 3071 1308 3145 cuscianus.
1342 3138 1345 3143 .

457 3212 508 3273 llle
530 3214 604 3274 adeo
626 3231 744 3292 semper
767 3214 945 3275 Venetorum
969 3214 1104 3290 cognitus
1125 3213 1234 3283 hostia,

542 3314 614 3375 Cum
639 3315 755 3377 Venetis
778 3316 895 3377 taudem
920 3317 1045 3386 lmtlera,
1069 3314 1184 3384 Gallus,
1207 3317 1276 3376 init:

458 3415 498 3476 lla
521 3418 684 3496 specimen,
708 3418 869 3486 Germane,
893 3420 951 3487 tui,
976 3418 1182 3497 rumpenda,
1206 3420 1319 3487 Caesar,

431 3537 443 3577 ⁴
543 3518 656 3598 Totque
679 3520 830 3582 lacessitus
853 3538 963 3600 prorue
986 3523 1015 3581 in
1039 3538 1119 3580 arma
1142 3520 1252 3581 modis!

459 3618 560 3680 Omnis
582 3622 611 3681 in
635 3628 755 3682 eventus
777 3641 878 3683 rerum
902 3620 992 3683 ltalus
1014 3623 1117 3700 arrigit
1138 3640 1243 3693 cures,

542 3722 669 3783 blentem
692 3722 748 3784 illis
770 3725 882 3784 novitas
904 3725 1016 3792 adiicit,
1040 3723 1085 3784 bis
1107 3725 1222 3785 adimit:

460 3822 612 3902 Expavere
635 3823 738 3902 aliqui,
762 3833 824 3885 tum
847 3825 931 3904 plebs
954 3828 1054 3904 ignara
1078 3827 1185 3895 loturi,

434 3946 446 3985 a
547 3925 584 3986 Ut
606 3927 701 4005 possis
723 3928 794 3987 satis
816 3927 862 3987 bis
885 3926 996 3989 viribus
1019 3946 1100 3997 esse,
1123 3930 1215 3990 timet.

259 4081 459 4091 Μ-

327 4166 383 4219 127.
413 4163 558 4231 ¹pretlum
577 4169 602 4217 d.
673 4163 693 4198 ¹¹
712 4165 792 4217 Hanc
817 4166 895 4218 fidem
915 4166 1051 4219 Huttenus
1075 4174 1137 4235 post
1159 4183 1193 4219 ea
1217 4183 1323 4235 quoque
1344 4176 1372 4220 et
1390 4168 1497 4234 scriptis
1513 4168 1536 4213 et

257 4254 316 4303 vita
333 4252 472 4317 professus
491 4256 543 4301 eet.
618 4285 620 4288 -
797 4277 800 4305 t

327 4334 383 4386 128.
414 4337 473 4386 Hoc
492 4337 617 4388 imitatus
635 4342 679 4388 est
695 4338 826 4389 Eobanus
844 4339 949 4389 Hesaus
968 4340 1166 4404 epigrammata
1186 4339 1222 4389 ed
1240 4344 1339 4405 poetes
1357 4341 1399 4390 sui
1418 4336 1538 4405 temporis

259 4420 519 4486 quod'exbibuimus
537 4421 591 4474 rol.
605 4421 627 4472 1.
640 4437 667 4489 p.
683 4423 740 4476 12³.
795 4422 813 4456 ¹¹
832 4428 944 4488 varunq3
963 4418 999 4473 1(
1039 4420 1060 4455 ¹²
1079 4440 1244 4490 exsuperare
1259 4429 1281 4474 l.

328 4503 383 4554 129.
416 4505 702 4571 Epipr.129.omis.3.
760 4507 968 4574 ¹orrigetm.
1027 4506 1046 4540 ¹¹
1066 4508 1256 4560 Memorabilis
1274 4510 1303 4558 in
1323 4510 1422 4560 iuvene
1441 4524 1489 4576 per
1505 4506 1538 4556 lu·

205 4594 210 4618 ¹
259 4595 324 4638 eota
342 4589 577 4655 diplomaticorum
596 4607 663 4657 quos
680 4593 762 4642 bodie
781 4608 909 4644 vocemus
928 4593 991 4643 vela
1009 4593 1103 4644 tristes
1121 4595 1240 4660 ipsarum
1259 4610 1349 4644 rerum
1370 4595 1471 4644 lrrrmcs
1484 4606 1540 4642 eno·

259 4686 359 4738 sasque
384 4676 569 4739 cognoscendi
593 4677 678 4726 acies.
716 4677 803 4740 Quam
828 4678 911 4728 velim
935 4678 1119 4729 blncaulaeom
1144 4678 1288 4746 Anglieum
1313 4679 1475 4730 historicum
1504 4677 1539 4727 bis

259 4759 376 4807 Hutteni
396 4760 525 4824 operibus
543 4761 582 4810 uti
602 4763 733 4826 potuisse.
