3240 5416
344 375 448 412 atzela
461 377 481 410 1.
500 375 653 412 exortum.
690 370 794 412 eunom
807 377 838 413 11.
858 372 976 413 FAGIN'VS
989 377 1091 413 nosen.

275 531 428 592 Movissem
450 539 626 610 toruumque
648 531 766 611 Scynim
789 531 973 612 crudumque
994 533 1198 603 Procrustem,

359 632 526 693 Traxissem
549 632 667 694 rabidas
689 653 704 696 a
728 634 841 694 feritate
863 635 971 710 tigres3
1098 629 1101 636 ’

276 735 378 796 Omnia
402 736 573 803 movissem,
597 735 649 796 sed
672 736 750 796 enim
773 736 823 815 qni
846 743 950 797 caetera
974 738 1077 804 vincit,

225 857 248 898 er
357 837 465 898 Saevior
487 838 516 901 in
538 836 640 906 nobis,
663 837 794 909 LossiuS,
819 856 883 899 esse
905 840 1016 918 potest:

274 937 360 999 Hune
382 955 471 1016 rupes
493 939 568 1000 inter
590 939 730 1016 duraeque
753 939 788 1000 ad
812 939 920 1001 robora
943 958 1070 1020 quercus
1249 941 1359 1023 inrum.

358 1039 465 1101 Nutriit
487 1038 628 1102 uberibus
649 1040 748 1118 Apbra
770 1041 861 1102 lemna
883 1043 959 1110 suis,
1054 1050 1055 1054 ’

273 1141 361 1212 Huic,
385 1141 436 1202 nbi
458 1149 543 1202 natue
565 1148 643 1210 erat,
667 1160 725 1221 quo
747 1141 788 1202 nii
811 1142 959 1205 crudelius
981 1152 1072 1215 esset,

224 1264 247 1305 oe
353 1243 524 1322 dispositrix
547 1244 611 1304 vitae
633 1262 720 1305 saxea
743 1245 833 1306 corda
856 1245 944 1306 dedit.

273 1344 342 1406 lirec
365 1363 491 1424 queror,
514 1366 532 1405 o
554 1347 669 1423 superi,
694 1345 837 1426 donisque
861 1347 897 1407 ed
920 1346 1028 1427 templa
1051 1348 1151 1409 relatis

356 1447 532 1527 Ferrepias
554 1449 628 1507 iusta
651 1466 702 1508 vos
723 1464 830 1526 precor
852 1465 923 1510 aure
946 1466 1066 1526 preces:

271 1548 351 1611 Dura
375 1548 450 1610 ierat
471 1551 520 1639 qui
543 1549 616 1610 dura
640 1550 733 1618 dedit,
757 1551 867 1629 quique
888 1550 1020 1630 undique
1042 1554 1121 1634 saevit

223 1671 247 1711 rr
355 1650 465 1711 Cuncta
489 1650 595 1712 habeat
617 1670 682 1731 quae
703 1653 761 1712 sint
782 1670 857 1712 saeva
880 1653 994 1712 inimica
1018 1652 1086 1714 sibi!

270 1752 322 1813 lile
345 1771 426 1813 meas
448 1752 560 1822 febres,
584 1752 631 1814 iiie
655 1753 774 1814 horrida
797 1751 917 1814 vulnera
940 1761 1050 1824 suniat,

332 1853 407 1929 ,ΙΙΙε
431 1856 505 1916 ierat
527 1873 628 1923 casus,
653 1855 756 1916 ordine
779 1856 941 1935 quemque,
965 1857 1059 1917 meos!

272 1956 423 2036 imprecor
445 1958 498 2019 ista
522 1957 656 2036 quidem,
678 1957 730 2017 sed
750 1957 847 2018 adbuc
869 1958 1003 2035 graviora
1024 1966 1169 2026 meretur,

224 2078 247 2118 rc
355 2057 458 2120 Omnia
481 2065 549 2120 sunt
573 2066 674 2119 vestrae
697 2058 795 2119 debita
818 2059 941 2121 iustitiae.

594 2263 748 2337 [Electa
774 2263 840 2337 IL]

561 2379 716 2444 enclnvs
734 2380 861 2432 nosen.

270 2500 400 2576 Tempus
423 2506 486 2559 erat
507 2518 566 2578 qno
589 2507 655 2579 post
677 2500 780 2561 ductos
803 2520 838 2561 ex
862 2500 964 2561 ordine
987 2519 1103 2572 rurenses

355 2600 485 2678 Octnpea
506 2602 642 2663 occiduas
664 2601 776 2663 Cancer
798 2601 890 2662 inibat
912 2620 1016 2679 equae,

270 2702 405 2781 Undique
427 2704 469 2762 vis
491 2703 595 2765 hiemis
617 2705 737 2785 rapidos
759 2705 974 2765 constrinxerat
997 2724 1111 2775 animae,

192 2793 194 2799 ’
234 2825 245 2864 t
352 2803 486 2884 Undique
509 2813 666 2867 concretus
688 2806 798 2882 frigore
821 2813 928 2884 portius
950 2815 1027 2874 crat,

270 2906 384 2967 Etiam
408 2906 572 2982 digressum
594 2908 757 2968 Pomerana
781 2927 815 2968 ex
840 2907 913 2967 urim
936 2908 1090 2985 parabunt,

354 3008 468 3069 Durum
490 3026 565 3087 opus
587 3016 617 3070 et
638 3010 761 3069 nimium
785 3008 894 3069 viribus
918 3028 987 3069 acre
1010 3012 1099 3072 meis:

220 3111 225 3117 '
269 3112 389 3171 Vertere
412 3111 468 3170 iter
489 3110 597 3193 potuit,
621 3112 645 3170 si
668 3109 769 3180 veliet,
792 3110 911 3171 Loesius
933 3100 1046 3172 iilud:x

230 3239 243 3272 e
351 3212 425 3272 Huic
448 3231 501 3291 ego
524 3219 594 3273 tnnc
616 3220 734 3293 sumpto
757 3212 872 3273 debitor
893 3232 951 3274 rere
974 3213 1031 3281 sui;

268 3315 325 3375 Sed
341 3315 426 3394 petii.
445 3322 476 3374 ut
491 3314 617 3385 sineret,
633 3332 730 3393 neque
746 3317 824 3375 enim
841 3317 898 3375 iarn
915 3316 1040 3376 reddero
1055 3336 1199 3396 possem,

352 3416 513 3477 Fortunam
536 3416 655 3478 alterius
677 3436 724 3476 mc
746 3416 870 3477 subiisse
892 3415 965 3485 ioci.

268 3519 335 3579 Sive
357 3518 566 3598 qnid'iogenio
590 3520 757 3597 quaesitum,
781 3520 841 3579 sinc
863 3538 917 3598 per
940 3521 1042 3589 artois,

218 3641 241 3681 u
353 3621 418 3692 Quo
441 3640 558 3700 possem
581 3620 664 3680 lucro
687 3621 812 3682 reddere
834 3629 950 3700 sumpta
974 3623 1045 3681 viro.

268 3722 376 3782 Annuit
399 3730 428 3783 et
450 3723 521 3783 uim
544 3722 636 3793 ‘Quod
661 3722 737 3792 abis,
761 3725 800 3783 ita
824 3723 899 3783 iorte
922 3742 1045 3785 neeesse
1068 3731 1126 3792 cst,

354 3824 442 3902 ‘Ergo
465 3823 519 3884 tibi
541 3824 673 3895 daldun,
698 3844 757 3886 non
780 3825 925 3903 potuisse,
949 3824 1036 3893 satis',

84 3899 268 3920 &—

135 3959 152 3991 ⁶¹
173 3969 305 4024 toruumqj
324 3963 348 4010 1.
408 3960 495 4010 Siuim
515 3965 538 4010 2.
549 3965 574 4010 3.
627 3960 761 4025 ututuitem
780 3965 802 4011 1.
823 3961 893 4011 Ouid.
908 3960 966 4010 her.
979 3961 1015 4010 11.
1029 3960 1070 4011 69.
1085 3977 1125 4026 eq.
1144 3997 1195 4022 ,‚...
1209 3967 1355 4026 torvusque

79 4034 236 4106 Procrustes,
256 4046 292 4094 Et
303 4043 385 4105 Sinis,
406 4050 434 4094 at
447 4046 518 4095 tauri
531 4046 666 4111 mistoque
680 4044 766 4096 formu
784 4045 860 4095 viri''.
881 4045 924 4094 Cf.
938 4043 1040 4111 dialog.
1052 4044 1216 4096 Phalariom.
1269 4044 1291 4078 ⁸⁴
1309 4049 1358 4104 St·

77 4127 121 4180 utu
138 4135 161 4179 1.
215 4127 340 4194 diuum
359 4131 382 4178 1.
434 4127 620 4194 Utrum.
673 4128 693 4161 ⁷¹
713 4129 774 4195 [tuit
794 4132 817 4178 1.

132 4214 139 4246 ¹
159 4211 289 4279 Tempus]
314 4218 430 4264 exerente
453 4213 591 4264 decembri
610 4230 637 4263 o.
658 4213 731 4263 lecu.
768 4213 839 4264 Ouid.
853 4215 928 4264 raet.
943 4214 964 4262 Ι.
979 4211 1036 4263 311.
1051 4229 1108 4278 sqq.
1128 4216 1221 4279 „Ergo
1239 4215 1285 4265 ubi
1304 4233 1356 4266 nox

73 4298 152 4349 ederit
170 4299 295 4348 venturis
313 4299 397 4349 tertio
410 4299 495 4349 Nouia
508 4299 664 4364 Sparsaque
684 4297 789 4348 caeleeti
809 4314 868 4349 rore
881 4297 1005 4347 madebit
1017 4297 1122 4361 humus,
1142 4298 1287 4364 Ootipedis
1301 4301 1355 4350 sru-

71 4389 120 4434 ttre
144 4388 305 4449 queruntur
326 4383 443 4434 brechio
462 4384 576 4434 Cancri:
600 4385 729 4448 Prmcepe
752 4383 883 4433 occiduae
906 4381 953 4431 ille
972 4380 1076 4431 subivit
1098 4386 1211 4447 oquae’'.
1276 4384 1356 4434 ⁵1¹0-

70 4468 138 4534 mec]
153 4467 288 4533 Gryphie.
334 4467 356 4500 ⁸⁶
374 4473 463 4518 sumto
476 4474 500 4518 2.
509 4473 535 4520 3.
583 4484 619 4520 m
636 4472 660 4518 1.
708 4467 728 4500 ¹²
746 4466 860 4517 reddero
879 4467 1024 4532 pecuniam
1043 4471 1135 4516 mutuo
1147 4472 1282 4532 sumptam
1296 4485 1357 4520 enm

68 4555 161 4604 neurie.
217 4550 237 4584 ¹⁴
253 4552 367 4605 tubitet:
395 4566 446 4605 nott
464 4551 579 4616 menide:
599 4553 668 4616 tutio·
684 4556 707 4603 1.
727 4554 745 4602 i.
759 4568 782 4604 e.
797 4554 865 4617 quod
882 4550 990 4600 debitam
1006 4553 1137 4615 pecuniam
1155 4554 1288 4603 excoluere
1306 4570 1355 4605 uon

66 4646 149 4701 poter,
178 4654 228 4702 pro
246 4640 429 4688 satisdatione
447 4638 672 4703 tibiaci-mittitur.
702 4645 809 4688 versum
828 4636 887 4688 sine
906 4636 1127 4702 interpunctione
1148 4635 1277 4687 exhibent
1296 4641 1355 4689 23·

67 4723 106 4775 Gi.
120 4722 192 4787 eleg.
205 4723 239 4775 V.
253 4721 294 4771 tu.
307 4738 366 4789 eqq.
