3164 5422
314 357 387 430 232
514 384 637 421 nvrrattt
650 384 833 420 1008!ssss
846 381 1057 418 anxiarentur!
1070 379 1292 418 ΙΡῙΕΙΔΙΙΛΠΙ
1306 379 1402 415 lain!-
1493 409 1495 414 .

516 540 625 602 Plaude
648 538 767 619 quidem
791 555 987 617 pompamque
1010 554 1083 597 nora
1107 534 1265 597 victoribus
1288 535 1367 603 istis,

455 627 461 634 ’
491 661 503 702 a
602 641 640 702 Et
661 641 796 702 dominos
817 638 916 701 Gallos
938 639 981 699 ier
1004 639 1197 718 dominosque
1219 656 1305 698 voca:

518 743 627 807 Verum
649 742 722 805 alios
744 741 875 802 Francos
897 739 955 802 alio
977 741 1133 803 Germania
1155 738 1260 819 plausu

600 846 664 906 Heu
687 862 791 905 vereor
812 862 850 904 ne
870 850 900 904 te
922 861 982 903 non
1004 843 1140 921 cupiente
1161 840 1250 902 dabit.

456 1028 504 1089 ὀᾶ
595 1032 644 1081 DE
664 1030 859 1080 CONVEN'I'V
877 1029 1164 1079 BONONIENSIAD
1185 1027 1326 1078 lTALOS.
1402 1071 1406 1078 .

518 1151 593 1224 Otiid
609 1157 638 1211 te
653 1149 741 1220 adeo,
757 1160 852 1226 genus
866 1160 936 1210 a'cre
953 1149 1061 1220 vnum,
1077 1147 1148 1226 qnid
1163 1157 1207 1218 te,
1223 1146 1295 1208 ltale
1311 1163 1446 1225 pugnax,

603 1253 639 1313 lli
661 1251 770 1330 passim
794 1249 914 1329 plausus
935 1252 1048 1338 istaque
1071 1267 1180 1328 pompa
1202 1249 1318 1310 iuranti

518 1354 583 1416 Nou
606 1371 734 1432 quorum
757 1353 887 1430 adspirat
908 1351 1004 1430 primo
1026 1352 1143 1435 fortuna
1164 1350 1261 1412 labori

421 1528 423 1534 ¹
492 1477 505 1518 ⁴
603 1458 751 1517 Continuo
772 1455 871 1516 invicti
895 1454 1011 1516 roboris
1033 1471 1097 1515 esse
1120 1461 1198 1532 puta.

518 1558 653 1635 Fregerit
673 1556 819 1618 Helvetiae
841 1559 989 1618 Germano
1011 1555 1103 1618 milite
1126 1556 1202 1616 vires

603 1658 717 1728 Gallus,
741 1657 778 1719 ab
800 1658 924 1737 imperio
946 1658 1054 1719 Siortia
1077 1658 1234 1725 deciderit:

518 1763 570 1823 Ast
592 1779 646 1839 ego
668 1762 781 1822 venturi
804 1767 883 1821 vatos
905 1778 970 1828 ero,
995 1759 1105 1821 credite
1129 1760 1199 1820 vat-i:
1291 1795 1296 1808 -

493 1885 506 1925 s
606 1864 678 1925 Cum
702 1864 799 1923 veniet
821 1864 932 1932 Caesar,
956 1862 1052 1923 omnia
1075 1862 1171 1922 Caesar
1193 1869 1291 1920 erunt.

456 2047 504 2110 tt.
835 2049 886 2099 nn
905 2048 1086 2098 ronrvus.

519 2169 584 2232 Huc
605 2187 699 2237 nuuc,
723 2169 781 2229 huc
803 2168 906 2230 oculos
927 2170 1107 2246 patentiores

519 2272 556 2333 Et
577 2272 684 2334 mentis
705 2288 793 2348 grave
815 2270 944 2347 dirigant
965 2288 1089 2345 acumen

517 2373 614 2453 lleges
636 2380 665 2434 et
686 2371 787 2451 populi
810 2371 959 2452 ducesque
981 2389 1097 2433 rernm:

520 2475 592 2536 Cum
614 2474 704 2538 Gallis
726 2474 852 2535 Venetos
874 2472 1079 2555 superbientes

494 2578 629 2639 sContra
653 2595 712 2637 nou
735 2574 808 2637 nihil
830 2573 989 2637 insolenter
1011 2593 1098 2638 ausos

520 2678 691 2757 Oblitosque
714 2680 900 2757 salsumque
923 2679 1009 2739 sortis
1054 2677 1060 2688 ’
1089 2715 1092 2721 ·

520 2779 595 2841 Vicit
616 2780 713 2857 Caesar
736 2788 764 2841 et
786 2780 822 2841 ad
845 2778 918 2840 nihil
939 2778 1062 2856 redegit.

519 2883 591 2955 Quis
612 2899 692 2942 nnnc
714 2881 850 2942 fortuitos
872 2882 1010 2958 opinione
1037 2947 1040 2952 ,

427 3048 432 3064 x
518 2982 738 3062 Amplexabitur
760 2984 855 3064 exitus
876 2984 1009 3062 sequaci,

483 3107 507 3147 ro
523 3088 579 3146 dut
601 3085 680 3164 quud
703 3103 768 3146 sors
791 3085 904 3146 dederit
926 3092 1024 3145 ratum
1047 3084 1178 3164 putabit?

520 3187 590 3258 Quis
613 3205 691 3248 nunc
714 3187 825 3248 divitias
847 3188 1066 3266 potentiamque

519 3289 557 3350 Ut
578 3297 691 3349 certum
715 3289 803 3360 leret,
828 3297 860 3349 ut
880 3306 1025 3368 suumque
1048 3289 1154 3351 ducet?

520 3391 658 3452 Fortunae
680 3409 770 3470 vagus
791 3399 836 3454 est
858 3390 989 3470 levisque
1011 3398 1115 3459 riutus,

519 3492 654 3554 lncertns
676 3493 756 3554 lavor
780 3500 809 3554 et
831 3501 902 3554 rotae
924 3493 1046 3553 minacis

385 3779 427 3832 bb.
458 3778 567 3848 telios]
586 3796 641 3832 non
660 3781 830 3848 sequanicos
848 3783 897 3833 sed
915 3782 1100 3834 orientalese
1118 3781 1276 3832 Franconia
1295 3781 1466 3841 Germaniae,
1492 3781 1511 3829 li

318 3866 417 3933 patria.
470 3865 481 3898 ⁸
498 3866 585 3918 dabit.
598 3882 690 3918 omnes.
709 3867 745 3917 cl.
760 3869 846 3934 epigr.
860 3866 901 3919 oe.
916 3883 942 3919 v.
955 3868 979 3920 4.
999 3867 1095 3933 (pellet
1112 3884 1160 3932 pro
1178 3866 1286 3932 pellat.)
1486 3928 1488 3931 ι

386 3949 427 4002 bd.
457 3952 491 4002 Iu
508 3952 556 4002 xl.
570 3952 594 4002 2.
608 3951 656 4015 (cf.
671 3952 706 4001 ad
726 3953 812 4018 epigr.
825 3951 869 4003 65.
882 3952 987 4016 adnot.)
1006 3952 1180 4003 inscribitur:
1200 3953 1242 4002 De
1260 3951 1364 4002 Eodem
1382 3946 1511 4025 [Conoent

319 4043 345 4086 et
362 4033 473 4105 Leonis}
490 4036 532 4086 Ad
549 4035 644 4087 Italos.
674 4072 675 4075 ,
702 4035 838 4102 ⁸aapirat
856 4041 878 4088 1.
943 4037 1016 4088 *Οἱ
1030 4039 1117 4103 epigr.
1130 4036 1171 4087 nt.
1186 4041 1214 4087 et
1233 4036 1268 4087 ad
1286 4051 1344 4101 seq.
1358 4036 1447 4102 epigr.
1464 4036 1511 4087 adr

386 4119 428 4171 ot.
458 4122 526 4172 Post
548 4121 638 4172 foedus
660 4121 735 4172 inter
754 4122 849 4174 Gallos
868 4124 1042 4188 Venetosque
1065 4123 1099 4173 de
1123 4121 1287 4189 reparandis
1309 4121 1511 4172 omencourt

320 4205 371 4266 illi,
391 4220 503 4271 quornm
521 4221 615 4273 regem
632 4205 720 4257 Inlins
732 4208 763 4257 P.
776 4208 822 4266 M..
841 4223 896 4258 non
914 4209 954 4258 ita
972 4208 1054 4273 longo
1073 4213 1135 4274 post
1152 4207 1304 4267 decedam,
1328 4206 1468 4271 dignitate
1486 4222 1511 4257 ar

319 4296 414 4342 vatum
432 4291 638 4354 declaraverat,
664 4294 818 4343 exercitum
836 4307 936 4344 novum
955 4293 990 4344 ad
1002 4292 1226 4359 ,recuperandum
1242 4291 1376 4342 Insubriae
1396 4291 1511 4357 imperio

302 4380 422 4450 'serunt
458 4375 644 4427 Mediolanum
666 4382 696 4428 et
717 4377 856 4443 pleraeqne
879 4378 996 4429 ducatus
1019 4377 1103 4428 nrbes
1121 4370 1209 4429 Gallis
1233 4369 1421 4439 accedebant,
1446 4379 1495 4442 qui

319 4461 365 4512 die
383 4458 408 4511 b.
422 4461 494 4511 Iunii
513 4477 538 4511 a.
554 4459 627 4512 1513.
646 4462 681 4511 ad
699 4462 848 4512 Novariam
866 4464 901 4513 ab
920 4463 1046 4514 Helvetia
1064 4461 1255 4512 Maximiliano
1272 4460 1384 4512 Sfortite
1407 4461 1511 4512 accede

237 4556 239 4561 ·
318 4546 390 4596 victi
407 4544 644 4596 Mediolanensem
661 4546 790 4597 ducatum
809 4551 840 4597 ut
857 4544 1045 4614 relinquerent
1063 4547 1162 4598 iterum
1181 4547 1292 4598 luerunt
1314 4547 1416 4598 coacti.
1453 4546 1511 4598 Con

318 4629 400 4680 batur
417 4630 503 4681 etiam
520 4629 622 4682 bellum
638 4631 713 4682 inter
724 4632 918 4697 imperatorem
931 4639 959 4683 et
971 4633 1092 4683 Venetos
1105 4636 1133 4683 et
1143 4631 1263 4683 Patavio
1275 4630 1343 4681 licet
1354 4630 1462 4683 trustra
1474 4637 1511 4684 tet

265 4764 270 4774 ,
319 4713 349 4763 hi
367 4714 446 4765 nouis
465 4714 631 4766 Octobribus
644 4714 680 4764 ad
696 4715 873 4765 vincentiam
893 4717 968 4767 caesi.
988 4717 1077 4768 Strnv.
1092 4719 1120 4767 in
1138 4717 1249 4767 Maxim.
1263 4717 1286 4766 1.
1300 4719 1324 4778 ξ.
1340 4731 1385 4766 11..
