3166 5416
264 381 339 453 416
493 410 523 446 aa
536 409 703 447 rannessa(
715 408 870 446 assumar
882 408 1026 445 saccaron
1037 407 1211 445 sarvruauu
1225 408 1338 445 ararat.

264 566 299 618 de
318 564 460 617 celebrato
480 564 621 615 ‘Eucomio
633 561 800 627 Reuchlini’,
820 563 848 613 iu
866 562 1089 628 perturbationes
1107 577 1269 627 erroresque
1288 561 1352 613 illos
1369 563 1485 612 inductus
1498 563 1528 611 ri·

263 651 352 701 detur.
369 648 447 701 illam
459 647 683 699 Murmellianam
702 647 821 699 ‘laudem
838 647 873 699 de
885 647 1047 698 Reuchlino'
1065 647 1194 710 inveniri,
1213 662 1361 712 numquam
1380 652 1463 697 autem
1473 648 1528 696 liur-

264 734 385 786 mellium
403 733 548 799 Triumphi
566 736 707 784 auctorem
724 731 837 798 probari
854 746 935 798 posse
953 732 1008 782 nisi
1025 730 1051 781 ei
1070 733 1117 796 qui
1134 746 1232 782 ussum
1249 747 1306 781 nou
1323 731 1408 782 habet
1422 737 1487 797 puto.

330 819 487 870 Eleutherii
504 817 610 882 Byseai
633 818 662 867 iu
686 817 841 868 encomium
864 816 1044 881 triumphanti
1062 815 1203 881 Capnioni
1226 815 1405 867 decantatum
1427 816 1458 865 ad
1473 815 1528 881 prin·

264 905 353 970 cipem
376 900 443 970 [ric]
462 919 495 954 ac
518 902 648 968 populum
667 902 866 954 Germanorum
882 900 1089 966 praefationem,
1113 900 1229 951 carmini
1247 907 1428 966 praeeuntem,
1445 905 1470 949 et
1483 914 1529 964 qua

264 986 355 1039 ‘autor
372 986 557 1054 theologistis’
574 987 604 1037 iu
621 986 675 1037 iius
692 985 758 1037 libri
776 985 950 1036 conminatus
962 989 1014 1048 est,
1032 999 1117 1050 supra
1134 984 1200 1046 (voi.
1214 985 1236 1035 1.
1250 1000 1277 1035 u.
1291 982 1528 1051 011.p.sat...eas.)

265 1072 446 1123 exhibuimus.
470 1072 499 1122 iu
518 1069 617 1137 quibua
635 1070 775 1137 partibus,
798 1074 860 1136 past
882 1086 917 1120 ea
939 1085 999 1134 quae
1021 1085 1106 1136 supra
1123 1069 1266 1135 disputata
1289 1076 1366 1132 sunt,
1389 1084 1463 1119 nemo
1477 1068 1527 1117 lint

264 1157 323 1207 teni
340 1158 511 1223 epigramma
529 1153 731 1221 extemporale,
751 1154 784 1205 de
803 1170 856 1219 quo
873 1154 1015 1205 Mutiauus
1033 1154 1068 1204 ad
1086 1154 1240 1205 Hemicum
1256 1154 1400 1206 Urbanum
1417 1159 1445 1203 et
1457 1152 1526 1202 Eois·

264 1255 328 1291 num
345 1241 465 1293 Heeaum
482 1240 596 1307 scripsit
612 1239 677 1305 (vol.
690 1240 714 1293 I.
726 1254 753 1291 n.
766 1238 907 1304 xv1111.),
926 1254 957 1291 se
974 1239 1117 1306 possidere
1134 1240 1305 1305 opinabitur.

770 1665 810 1717 1n
831 1663 1054 1716 uuwnsuvn

436 1764 649 1842 IOANNIS
675 1764 947 1843 REVOHLIN
972 1788 1083 1841 sums
1108 1762 1385 1841 OAPNIONIS

493 1904 543 1954 Ex
560 1902 733 1955 DEVIOTIS
751 1903 1022 1955 THEOLOGISTIS
1041 1903 1334 1954 COLONIENSIBVS

528 2005 577 2055 ΕΤ
594 2004 895 2057 PRAEDIOATORVM
914 2005 1064 2057 ORDINIS
1081 2004 1288 2056 FRATRIBVS

809 2110 1016 2169 encouton

638 2225 962 2303 nnevnnunu
991 2225 1183 2330 suzam

842 2367 972 2411 molstr.

467 2480 550 2542 Dicat
571 2481 616 2552 io,
639 2481 664 2542 si
685 2498 718 2544 se
739 2485 818 2545 novit
839 2483 1012 2554 Germania,
1035 2482 1113 2544 dicat

466 2581 668 2662 virtutemque
689 2601 773 2645 suam
795 2584 890 2664 dignis
912 2583 1104 2647 concentibus
1126 2591 1237 2662 aquei:

466 2683 544 2747 Eece
567 2683 797 2765 triumphantem
820 2687 933 2749 excisos
956 2686 1105 2765 Capnioua
1128 2684 1276 2763 sophistas

466 2784 503 2845 Et
524 2785 685 2850 debellatos
706 2789 815 2866 recipit
835 2806 888 2850 sua
910 2789 1004 2868 patria
1026 2789 1150 2854 iratres;

441 2886 530 2948 aNeo
551 2895 649 2950 tamen
671 2907 730 2950 una
753 2891 844 2968 capit,
868 2898 975 2970 quanta
998 2897 1056 2960 est,
1080 2888 1254 2957 Germania,
1278 2893 1389 2964 partem

466 2987 555 3050 Plena
577 2991 631 3052 viri
653 2988 748 3053 defert
769 2998 799 3053 et
819 2990 857 3052 ah
879 2991 937 3052 hoc
958 2989 1116 3070 splendore
1138 2989 1269 3058 nitescit,

466 3089 584 3169 integer
605 3090 654 3153 ille
675 3100 773 3153 umen
795 3095 898 3171 patriae
919 3091 1011 3154 redit:
1034 3091 1128 3152 abiiee
1150 3108 1254 3159 curas,

465 3190 556 3269 Siqua
577 3191 632 3254 tihi
653 3191 724 3255 belii
745 3201 805 3264 est,
828 3194 890 3256 sive
911 3192 1045 3264 esttibi,
1069 3192 1200 3263 Phoros,
1223 3190 1361 3270 gerendae
1428 3177 1516 3270 iffi*

442 3377 485 3428 De
504 3380 575 3429 1...t.
587 3377 652 3429 vids
670 3379 757 3431 ludio.
771 3379 900 3446 bibliogr.
913 3382 1029 3432 Hutten.
1043 3395 1115 3431 num.
1129 3379 1202 3430 xvl.
1216 3395 1243 3444 p.
1256 3375 1319 3429 28⁴².
1334 3392 1375 3442 sq.
1391 3445 1414 3454 ,

329 3569 384 3622 Pro
401 3575 499 3623 nomine
516 3571 672 3623 Eleutherii
689 3571 794 3637 Byseai
812 3570 922 3636 (Biaeni
940 3570 980 3638 2.)
998 3575 1024 3622 in
1042 3574 1070 3623 3.
1089 3578 1128 3623 est
1145 3568 1253 3621 Vlrichi
1271 3569 1307 3619 ab
1320 3569 1385 3621 Hnt.
1397 3559 1516 3630 Enim·

262 3649 306 3702 (if.
320 3654 375 3706 vol.
388 3657 410 3708 1.
424 3674 450 3724 p.
462 3655 521 3709 236.
536 3656 628 3708 adnot.
643 3656 679 3708 ad
696 3671 722 3708 v.
737 3659 763 3708 3.
804 3656 907 3708 Zeuoh.
921 3672 1034 3722 puroem.
1054 3657 1122 3722 epit.
1134 3655 1171 3705 11.
1184 3652 1226 3706 63.
1256 3652 1387 3718 „3th
1398 3637 1516 3712 antitisti·

262 3727 309 3789 int
327 3738 383 3792 τῶν
401 3732 514 3808 σφόδρα
532 3734 834 3807 πεπαρρησιασμένων.
851 3730 909 3793 siah
922 3740 1044 3804 sericae
1055 3738 1106 3792 τοῦ
1119 3736 1301 3798 Ποσειδῶνος
1313 3732 1384 3805 μετὰ
1395 3722 1518 3797 „marta

260 3812 308 3875 e’ei
321 3820 553 3893 bsuieyopiwv‘b
572 3826 681 3890 Byuina
692 3825 806 3877 dicendi
819 3826 945 3889 libertas,
964 3827 998 3877 de
1011 3826 1046 3877 iis
1060 3827 1106 3892 qui
1118 3823 1206 3875 libere
1225 3829 1255 3874 et
1266 3823 1385 3889 ingenue
1397 3814 1518 3883 loquuntur.

262 3922 279 3956 a
296 3907 402 3972 Byaiuo
419 3910 540 3976 Neptuni
559 3909 625 3963 filio.
648 3908 714 3976 [Pro
732 3907 854 3973 Βυζίνον
872 3912 1012 3962 Huttenus
1030 3915 1108 3962 rectc
1125 3914 1193 3976 puto
1210 3898 1341 3974 Botriano
1358 3906 1453 3972 legisse
1466 3891 1518 3946 vide·

260 3997 317 4055 tur,
341 3995 383 4045 ita
405 3999 436 4045 ut
453 4010 552 4047 nomeu
574 3995 648 4047 idem
667 4011 701 4046 ac
719 3997 866 4060 Byzantia,
885 3987 1041 4058 Βύζαντος,
1061 3991 1117 4061 sit]
1188 3995 1221 4044 In
1241 3997 1266 4043 4.
1279 3993 1336 4042 hoec
1352 3987 1469 4054 inscriptio
1481 3979 1518 4027 ‘¹¹³

259 4076 293 4126 In
315 4077 494 4146 Triumphum
517 4081 631 4133 Ioannis
653 4079 804 4140 Reuchlin,
838 4079 908 4132 alias
932 4080 1094 4146 Capuionis.
1169 4077 1178 4111 ¹
1203 4077 1248 4129 Cf.
1262 4077 1335 4128 Ouid.
1348 4079 1399 4128 art.
1411 4087 1456 4123 am
1466 4061 1492 4115 11·
1503 4056 1518 4104 ¹·

260 4161 375 4226 „Dicite
400 4163 442 4215 ‘Io
459 4165 554 4216 Paean’
577 4169 606 4216 et
625 4164 672 4217 ‘Io'
691 4164 734 4216 bis
757 4165 843 4215 dicite
863 4163 976 4217 ‘Paeau'.
1012 4163 1188 4216 Germaniam
1210 4161 1325 4214 tandem
1347 4175 1407 4213 sese
1427 4156 1518 4206 nascere,

204 4316 207 4320 A
260 4260 437 4313 cognoscere,
458 4265 623 4316 agnoscere,
643 4249 737 4301 oculos
756 4251 882 4316 recipere
900 4249 1001 4301 debere
1020 4255 1048 4302 et
1065 4248 1169 4300 similia
1186 4248 1339 4298 innumeris
1356 4244 1423 4297 locis
1439 4230 1518 4289 n1⁰¹²0¹¹t

259 4328 399 4384 Hutteuus
421 4338 450 4384 et
467 4335 586 4387 sodales.
656 4332 835 4387 ⁶Carmania
853 4337 878 4386 1.
949 4331 1067 4401 partem]
1085 4333 1211 4385 Phorceu
1231 4336 1288 4384 m.
1315 4331 1358 4382 Oi.
1371 4323 1483 4394 deplorat
1497 4312 1517 4360 ¹⁰

258 4414 318 4466 102.
330 4415 450 4469 uastant
467 4419 609 4471 intentum
622 4418 732 4484 arm,
752 4421 820 4470 rtem
838 4417 952 4470 naraon.
972 4418 1007 4469 aa
1025 4417 1159 4472 naemu.
1172 4433 1198 4468 v.
1215 4416 1272 4468 171.
1287 4416 1356 4468 sart.
1367 4417 1389 4467 1.
1402 4417 1428 4464 a
1442 4401 1482 4459 nl.
1491 4394 1516 4448 11·

258 4513 285 4566 p.
298 4499 341 4553 40.
354 4517 381 4553 v.
394 4502 420 4553 7.
438 4509 546 4569 partem
564 4505 629 4568 viri,
650 4519 704 4555 nou
723 4508 809 4556 totum
828 4501 903 4568 (uam
922 4504 947 4555 is
965 4503 1051 4554 totius
1069 4502 1187 4554 litterati
1206 4502 1283 4554 orbis
1302 4500 1357 4565 est)
1374 4497 1490 4550 deterens.
1503 4479 1516 4528 5·

260 4599 284 4636 e.
296 4585 351 4637 sibi
368 4602 497 4649 servans,
518 4587 669 4641 Germania
686 4605 749 4642 sese
768 4588 870 4654 explet,
890 4589 909 4639 i.
923 4604 947 4638 a.
961 4589 1031 4639 satis
1049 4587 1136 4639 habet
1154 4602 1206 4654 quo
1224 4587 1334 4638 fruatur
1351 4585 1408 4636 eius
1424 4564 1517 4635 aruph

260 4673 288 4719 et
305 4669 430 4722 doctrina
449 4678 532 4739 atque
550 4672 640 4740 gloria
658 4671 744 4726 talem
761 4675 850 4726 virum
868 4673 1006 4740 genuisse.
1052 4670 1198 4739 'Integerl
1210 4672 1309 4724 Victor
1325 4669 1407 4732 redit,
1424 4675 1465 4716 uon
1478 4653 1517 4704 ³1⁵·

262 4758 374 4822 carptus
387 4755 422 4806 ab
435 4755 561 4808 hostibus
574 4756 759 4825 theologistis.
812 4758 823 4793 ⁸
841 4759 972 4810 Lemmata
989 4759 1142 4824 marpiautia
1159 4760 1229 4809 uuila
1246 4755 1341 4808 habent
1355 4756 1408 4807 m.
